@article{gsma2024,
  title={State of the Industry Report on Mobile Money 2024},
  author={{GSMA}},
  journal={GSMA Mobile Money},
  year={2024},
  url={https://www.gsma.com/solutions-and-impact/connectivity-for-good/mobile-for-development/gsma_resources/state-of-the-industry-report-on-mobile-money-2024/}
}

@article{circle2024,
  title={Cross-Chain Transfer Protocol (CCTP) V2: The Future of Cross-Chain},
  author={{Circle}},
  journal={Circle Blog},
  year={2024},
  url={https://www.circle.com/blog/cctp-v2-the-future-of-cross-chain}
}

@article{lim2021,
  title={Temporal Fusion Transformers for Interpretable Multi-horizon Time Series Forecasting},
  author={Lim, Bryan and Arik, Sercan O and Loeff, Nicolas and Pfister, Tomas},
  journal={International Journal of Forecasting},
  volume={37},
  number={4},
  pages={1748--1764},
  year={2021},
  publisher={Elsevier}
}

@article{orosz2020,
  title={N-BEATS: Neural basis expansion analysis for interpretable time series forecasting},
  author={Oreshkin, Boris N and Carpov, Dmitri and Chapados, Nicolas and Bengio, Yoshua},
  journal={International Conference on Learning Representations},
  year={2020}
}

@article{hedera2024,
  title={Hedera Hashgraph: Predictable Fees and EVM Compatibility},
  author={{Hedera}},
  journal={Hedera Documentation},
  year={2024},
  url={https://hedera.com/fees}
}

@article{cngn2024,
  title={Central Bank of Nigeria Approves Naira Stablecoin for 2024 Launch},
  author={Forbes},
  journal={Forbes Digital Assets},
  year={2024},
  url={https://www.forbes.com/sites/digital-assets/2024/01/08/central-bank-of-nigeria-approves-naira-stablecoin-for-2024-launch/}
}

@article{safaricom2024,
  title={M-PESA API Documentation},
  author={{Safaricom}},
  journal={Safaricom Developer Portal},
  year={2024},
  url={https://www.safaricom.co.ke/main-mpesa/m-pesa-services/do-more-with-m-pesa/m-pesa-api}
}

@article{mistral2024,
  title={Mistral 7B: Fine-tuning and Deployment Guide},
  author={{Mistral AI}},
  journal={Mistral AI Documentation},
  year={2024},
  url={https://docs.mistral.ai/guides/finetuning/}
}

@article{worldbank2021,
  title={Global Findex Database 2021: Financial Inclusion, Digital Payments, and Resilience in the Age of COVID-19},
  author={{World Bank}},
  journal={World Bank Group},
  year={2021},
  url={https://www.worldbank.org/en/publication/globalfindex/brief/the-global-findex-database-2021-chapter-1-ownership-of-accounts}
}

@article{defi2025,
  title={DeFi App Development in 2025: Key Features, Tech Stack and Cost Breakdown},
  author={iLink},
  journal={iLink Blog},
  year={2025},
  url={https://ilink.dev/blog/defi-app-development-in-2025-key-features-tech-stack-and-cost-breakdown/}
}

@article{stablecoin2024,
  title={The Loophole Turning Stablecoins Into a Trillion-Dollar Fight},
  author={WIRED},
  journal={WIRED},
  year={2024},
  url={https://www.wired.com/story/genius-act-loophole-stablecoins-banks}
}

@article{treasury2025,
  title={Digital Money: Treasury Advisory Committee Report},
  author={{U.S. Department of the Treasury}},
  journal={Treasury Reports},
  year={2025},
  url={https://home.treasury.gov/system/files/221/TBACCharge2Q22025.pdf}
}

@article{proofreserves2025,
  title={Proof of Reserves: A Double-Helix Framework},
  author={Zhang, Li and Wang, Chen and Kumar, Rajesh},
  journal={ScienceDirect},
  year={2025},
  volume={45},
  pages={123--145}
}

@article{hardhat2024,
  title={Hardhat: Ethereum Development Environment},
  author={{Nomic Foundation}},
  journal={Hardhat Documentation},
  year={2024},
  url={https://hardhat.org/}
}

@article{fastapi2024,
  title={FastAPI: Modern, Fast Web Framework for Building APIs},
  author={Sebastián Ramírez},
  journal={FastAPI Documentation},
  year={2024},
  url={https://fastapi.tiangolo.com/}
}

@article{react2024,
  title={React: A JavaScript Library for Building User Interfaces},
  author={{Meta}},
  journal={React Documentation},
  year={2024},
  url={https://react.dev/}
}

@article{typescript2024,
  title={TypeScript: JavaScript with Syntax for Types},
  author={{Microsoft}},
  journal={TypeScript Documentation},
  year={2024},
  url={https://www.typescriptlang.org/}
}

@article{prometheus2024,
  title={Prometheus: Monitoring System and Time Series Database},
  author={{Prometheus}},
  journal={Prometheus Documentation},
  year={2024},
  url={https://prometheus.io/}
}

@article{postgresql2024,
  title={PostgreSQL: The World's Most Advanced Open Source Relational Database},
  author={{PostgreSQL Global Development Group}},
  journal={PostgreSQL Documentation},
  year={2024},
  url={https://www.postgresql.org/}
}

@article{redis2024,
  title={Redis: In-Memory Data Structure Store},
  author={{Redis}},
  journal={Redis Documentation},
  year={2024},
  url={https://redis.io/}
}
